%% LaTeX2e file `references.bib'
%% generated by the `filecontents' environment
%% from source `bericht' on 2020/09/02.
%%
 

@article{averageHairshedding,
 author = {Sinclair, Rodney},
 year = {2015},
 month = {04},
 pages = {},
 title = {Hair Shedding In Women: How much is too much?},
 volume = {173},
 journal = {The British journal of dermatology},
 doi = {10.1111/bjd.13873}
}

