@article{article,
author = {Kornilov, Anton and Safonov, Ilia},
year = {2018},
month = {10},
pages = {123},
title = {An Overview of Watershed Algorithm Implementations in Open Source Libraries},
volume = {4},
journal = {Journal of Imaging},
doi = {10.3390/jimaging4100123}
}