%% LaTeX2e file `references.bib'
%% generated by the `filecontents' environment
%% from source `bericht' on 2020/09/24.
%%
 
 @article{introToCNN,
  author = {O'Shea, Keiron and Nash, Ryan},
  year = {2015},
  month = {11},
  pages = {},
  title = {An Introduction to Convolutional Neural Networks},
  journal = {ArXiv e-prints}
 }
 @article{surveyOfDeepLearing,
  author = {Jiao, Licheng and Zhang, Fan and Liu, Fang and Yang, Shuyuan and Li, Lingling and Feng, Zhixi and Qu, Rong},
  year = {2019},
  month = {09},
  pages = {1-1},
  title = {A Survey of Deep Learning based Object Detection},
  volume = {PP},
  journal = {IEEE Access},
  doi = {10.1109/ACCESS.2019.2939201}
 }
 
 @ONLINE{spatialMapping,
  title = {Spatial Mapping},
  url = {https://docs.microsoft.com/de-de/windows/mixed-reality/spatial-mapping},
  urldate = {2020-04-17},
 }
 
 @ONLINE{spatialMappingUnity,
  title = {Räumliche Zuordnung in Unity},
  url = {https://docs.microsoft.com/de-de/windows/mixed-reality/spatial-mapping-in-unity},
  urldate = {2020-04-17},
 }
 
 @INPROCEEDINGS{cNNforClass,
  author={N. {Jmour} and S. {Zayen} and A. {Abdelkrim}},
  booktitle={2018 International Conference on Advanced Systems and Electric Technologies (IC ASET)},
  title={Convolutional neural networks for image classification},
  year={2018},
  volume={},
  number={},
  pages={397-402},}
 
 %https://docs.microsoft.com/de-de/learn/modules/analyze-images-computer-vision/2-image-analysis-azure
 
 @ONLINE{getAzure,
  title = {Microsoft Azure Computer Vsion},
  url = {https://azure.microsoft.com/en-us/services/cognitive-services/computer-vision/},
  urldate = {2020-06-12},
 }
 @ONLINE{whatIsAzure,
  title = {What is Computer Vision},
  url = {https://docs.microsoft.com/en-us/azure/cognitive-services/computer-vision/home},
  urldate = {2020-06-12},
 }
 @ONLINE{objDetectAzure,
  title = {Detect common objects in images},
  url = {https://docs.microsoft.com/en-us/azure/cognitive-services/computer-vision/concept-object-detection},
  urldate = {2020-06-12},
 }
 
 @ONLINE{pytorch,
  title = {From research to production},
  url = {https://pytorch.org/},
  urldate = {2020-06-12},
 }
 @ONLINE{Azure302Doc,
  title = {Mr und Azure 302 Maschinelles Sehen},
  url = {https://docs.microsoft.com/de-de/windows/mixed-reality/mr-azure-302},
  urldate = {2020-06-12},
 }
 @ONLINE{Azure302bDoc,
  title = {Mr und Azure 302b benutzerdefinierte Vision},
  url = {https://docs.microsoft.com/de-de/windows/mixed-reality/mr-azure-302b},
  urldate = {2020-06-12},
 }
 @INPROCEEDINGS{cars,
  author={X. {Chen} and H. {Ma} and J. {Wan} and B. {Li} and T. {Xia}},
  booktitle={2017 IEEE Conference on Computer Vision and Pattern Recognition (CVPR)},
  title={Multi-view 3D Object Detection Network for Autonomous Driving},
  year={2017},
  volume={},
  number={},
  pages={6526-6534},
 }
 @ONLINE{mlluminfeatures,
 title = {Magic Leap Features},
 url = {https://developer.magicleap.com/en-us/learn/guides/magic-leap-features},
 urldate = {2020-09-18},
 }
 @ONLINE{mlluminOS,
 title = {Lumin OS Overview},
 url = {https://developer.magicleap.com/en-us/learn/guides/lumin-os-overview},
 urldate = {2020-09-18},
}
 @ONLINE{mlluminOS,
 title = {Lumin OS Overview},
 url = {https://developer.magicleap.com/en-us/learn/guides/lumin-os-overview},
 urldate = {2020-09-18},
}
 @ONLINE{mlluminworldreconstruktion,
 title = {World Reconstruktion},
 url = {https://developer.magicleap.com/en-us/learn/guides/world-reconstruction-overview-landing},
 urldate = {2020-09-18},
}
 @ONLINE{mlmeshingunity,
 title = {1.4 Spatial Meshing - Unity},
 url = {https://developer.magicleap.com/en-us/learn/guides/meshing-in-unity},
 urldate = {2020-09-18},
}
 @ONLINE{mlappsecurity,
 title = {App Security},
 url = {https://developer.magicleap.com/en-us/learn/guides/application-security-overview},
 urldate = {2020-09-18},
}
 @ONLINE{mlofficialsalespitch,
 title = {magic leap 1},
 url = {https://www.magicleap.com/en-us/magic-leap-1},
 urldate = {2020-09-18},
}
 @ONLINE{mlglossary,
 title = {Glossary and Usage},
 url = {https://developer.magicleap.com/en-us/learn/guides/glossary},
 urldate = {2020-09-18},
}

 @ONLINE{unitycameratoworldmatrix,
 title = {Camera.cameraToWorldMatrix},
 url = {https://docs.unity3d.com/ScriptReference/Camera-cameraToWorldMatrix.html},
 urldate = {2020-09-18},
}

 @ONLINE{unitymultiplyoint,
 title = {Matrix4x4.MultiplyPoint},
 url = {https://docs.unity3d.com/ScriptReference/Matrix4x4.MultiplyPoint.html},
 urldate = {2020-09-18},
}
 @ONLINE{azureobjdetec,
 title = {Erkennen von alltäglichen Objekten in Bildern},
 url = {https://docs.microsoft.com/de-de/azure/cognitive-services/computer-vision/concept-object-detection},
 urldate = {2020-09-24},
} 
 @ONLINE{fromjson,
 title = {JsonUtility.FromJson},
 url = {https://docs.unity3d.com/ScriptReference/JsonUtility.FromJson.html},
 urldate = {2020-09-24},
} 

